@book{cervantes1999,
	address = {New York},
	edition = {1st ed},
	series = {A {Norton} critical edition},
	title = {Don {Quijote}: a new translation, backgrounds and contexts, criticism},
	isbn = {9780393972818},
	shorttitle = {Don {Quijote}},
	language = {eng},
	publisher = {W.W. Norton},
	author = {Cervantes Saavedra, Miguel de and Raffel, Burton and Wilson, Diana de Armas},
	year = {1999},
	keywords = {Cervantes Saavedra, Miguel de, Don Quixote},
}
@book{DerechoInformatico,
	address = {Santiago de Chile},
	title = {Derecho Informático},
	isbn = {2022-A-1849},
	language = {esp},
	publisher = {Academia Judicial de Chile},
	author = {Lorena Donoso and Carlos Reusser},
	year = {2021},
}

@book{warren1995,
    author = {Warren, S. D. and Brandeis, L. D.},
    title = {El derecho a la intimidad},
    year = {1995},
    pages = {31},
    note = {Para la edición original, ver «The Right to Privacy», pág. 198},
}

@misc{rgpd,
    title = {Reglamento (UE) 2016/679 del Parlamento Europeo y del Consejo de 27 de abril de 2016},
    author = {{Parlamento Europeo}},
    year = {2016},
    howpublished = {Diario Oficial de la Unión Europea},
    note = {L 119},
}

@misc{univceu,
	author = {Universidad CEU San Pablo},
	title = {{Máster Universitario en Protección de Datos, Transparencia y Acceso a la Información}},
	howpublished = {https://www.uspceu.com/oferta/master/proteccion-datos/admision},
}
@misc{dpojob,
	title = {{Data Protection Officer jobs in Spain}},
	howpublished={\url{https://uk.linkedin.com/jobs/search?keywords=Data%2BProtection%2BOfficer&location}},
}


@misc{santanderdpo,
	author = {Ballestin, Alberto},
	month = {3},
	title = {{Data Protection Officer: qué es, funciones - Talent Scanner}},
	year = {2023},
	howpublished = {https://santandersmartbank.es/talent-scanner/tecnologia-y-data/data-protection-officer/},
}

@misc{resumenDPO,
    title = {Directrices sobre los delegados de protección de datos (DPD)},
    author = {{Directiva 95/46/CE del Parlamento Europeo y del Consejo}},
    year = {2017},
    note = {WP 243 rev.01},
}

@misc{sudafrica,
	author = {Accessible Law},
	month = {1},
	title = {{Protection of Personal Information Act (POPI Act) - POPIA}},
	year = {2024},
	howpublished = {https://popia.co.za/},
}
@misc{sudafrica2,
	author = {Law, Accessible},
	month = {6},
	title = {{Section 55 Duties and responsibilities of Information Officer}},
	year = {2021},
	howpublished = {https://popia.co.za/section-55-duties-and-responsibilities-of-information-officer/},
}

@misc{corea,
	author = {Comisión de Protección de Información Personal Corea del Sur},
	title = {{Comisión de Protección de Información Personal}},
	howpublished = {https://www.privacy.go.kr/front/main/main.do},
}
@misc{corea2,
	title = {{PIPA Corea del Sur | Entrust}},
	url = {https://www.entrust.com/es/legal-compliance/hsm-solutions/apac/south-koreas-pipa},
}


@Article{Sample2024,
    author = {Sample, Ex},
    title = {An example reference for a single author article},
    journal = {Journal of Sample Articles},
    year = {2024},
    volume = {1},
    number = {1},
    pages = {1-23},
    }

@Article{Multiauthor2020,
    author = {First-Author, The and Author, Second and Third, Author The},
    title = {An example article with multiple authors},
    journal = {Competing Sample Article Journal},
    year = {2020},
    volume = {2},
    number = {4},
    pages = {6-8},
    }

@Book{FullBook2021,
    author = {Book Author, Fancy Pants},
    title = {{Fancy Pants Whole Book}},
    publisher = {So \& Fancy Publishing},
    year = {2021},
    address = {New York},
    }

@InBook{Contributor2023,
    author = {Contributor, Chapter},
    title = {{The Title of the Chapter}},
    pages = {42-69},
    booktitle = {{The Book Title}},
    publisher = {Other Publishing Place},
    year = {2023},
    editor = {Editor, First and Editor, Second},
    }
